%este es el formato común de citar artículos. El formato Bibtex facilita el trabajo.

@ARTICLE{Brunete:2013,
  author = {A. Brunete and M. Hernando and E. Gambao},
  title = {Offline GA-based optimisation for heterogeneous modular multi-configurable
	chained micro-robots},
  journal = {Transactions on Mechatronics},
  year = {2013},
  volume = {18},
  pages = {578 - 585},
  number = {2},
  doi = {10.1109/TMECH.2012.2220560},
  owner = {alberto}
}
@ARTICLE{JavierTFG,
	author = {Javier Sa},
	title = {DISEO DE CLU},
	journal = {Uninica Madrid},
	year = {2015}
}
@MISC{workana,
	key = "workana",
	title = "Customer Persona Ejemplo",
	note = "\url{https://i.workana.com/glosario/buyer-persona/}",
	year = "(20/02/22)"
}
@MISC{ilab,
	key = "ilab",
	title = "Mapa de Empatía",
	note = "\url{https://ilab.net/mapa-de-empatia-del-cliente/}",
	year = "(20/02/22)"
}

@MISC{yoctoprojectpage,
	key = "Yocto oficial web",
	title = "Página principal de Yocto Project",
	note = "\url{https://www.yoctoproject.org/}",
	year = 2022,
}

@MISC{yoctoprojectwiki,
	key = "Wikipedia: Yocto Project",
	title = "Página de wikipedia sobre Yocto Project",
	note = "\url{https://en.wikipedia.org/wiki/Yocto_Project}",
	year = 2022,
}

@MISC{qemu,
	key = "Wikipedia: QEMU",
	title = "Página de wikipedia sobre QEMU",
	note = "\url{https://en.wikipedia.org/wiki/QEMU}",
	year = 2022,
}

@MISC{xen,
	key = "Wikipedia: Xen",
	title = "Página de wikipedia sobre Xen",
	note = "\url{https://en.wikipedia.org/wiki/Xen}",
	year = 2022,
}

@MISC{kvm,
	key = "Wikipedia: KVM",
	title = "Página de wikipedia sobre KVM",
	note = "\url{https://en.wikipedia.org/wiki/Kernel-based_Virtual_Machine}",
	year = 2022,
}

@MISC{wiki-docker,
	key = "Wikipedia: Docker",
	title = "Página de wikipedia sobre Docker",
	note = "\url{https://es.wikipedia.org/wiki/Docker_(software)}",
	year = 2022,
}

@MISC{docker,
	key = "Web: Docker",
	title = "Página web oficial de Docker",
	note = "\url{https://www.docker.com/}",
	year = 2022,
}

@MISC{flutter,
	key = "Web: Flutter",
	title = "Página web oficial de Flutter",
	note = "\url{https://flutter.dev/}",
	year = 2022,
}

@MISC{dart,
	key = "Web: Dart",
	title = "Página web oficial de Dart",
	note = "\url{https://dart.dev/}",
	year = 2022,
}

@MISC{repoApp,
	key = "Rpi Weather Repo",
	title = "Repositorio de la aplicación Rpi Weather",
	note = "\url{https://github.com/Gmatarrubia/rpi_weather}",
	year = 2022,
}

@MISC{gsshvnc,
	key = "gsshvnc",
	title = "Gsshvnc - Cliente de escritorio remoto",
	note = "\url{https://github.com/zrax/gsshvnc/}",
	author = "Michael Hansen",
	year = 2022,
}
